@article{cox68stellar,
  title={Principles of stellar structure-Vol. 1: Physical principles; Vol. 2: Applications to stars},
  author={Cox, JP},
  journal={New York: Gordon and Breach, 1968},
  volume={1},
  year={1968}
}

@book{schwhite,
  title={White dwarf}
}

@book{galactic,
  title={Galactic structure}
}

http://www.faculty.virginia.edu/ASTR5610/lectures/LECTURE2/lec2a.html